@booklet{nakamoto,
    author   		= "Satoshi Nakamoto",
    title    		= "{Bitcoin: A Peer-to-peer Electronic Cash System.}",
    year     		= "2008",
    month    		= "Oct",
    howpublished 	= "\url{https://bitcoin.org/bitcoin.pdf}",
}

@misc{wikicontracts,
    author	= "Bitcoin Wiki",
    title     	= "{Contracts: Example 7: Rapidly-adjusted (micro)payments to a pre-determined party}",
    howpublished = "\url{https://en.bitcoin.it/wiki/Contracts\#Example\_7:\_Rapidly-adjusted\_.28micro.29payments\_to\_a\_pre-determined\_party}",
}

@booklet{aavev3,
    author = "Emilio Frangella and Lasse Herskind",
    title = "{Aave V3 Technical Paper}",
    howpublished = "\url{https://github.com/aave/aave-v3-core/blob/master/techpaper/Aave_V3_Technical_Paper.pdf}",
}

@booklet{BIP-0032,
    author = "Pieter Wuille.",
    title = "{Hierarchical Deterministic Wallets.}",
    howpublished = "\url{https://
github.com/bitcoin/bips/blob/master/bip-0032.mediawiki}",
}

@booklet{ethpaper,
    title = "{Ethereum Whitepaper.}",
    howpublished = "\url{https://ethereum.org/en/whitepaper/}"
}

@booklet{spv,
    title = "{Simplified Payment Verification.}",
    howpublished = "\url{https://wiki.bitcoinsv.io/index.php/Simplified_Payment_Verification}"
}

@booklet{oralce,
    author = "Steve Ellis, Ari Juelst, and Sergey Nazarov",
    year   = "2017",
    month  = "September",
    day = "4",
    title = "{A Decentralized Oracle Network}",
    howpublished = "\url{https://research.chain.link/whitepaper-v1.pdf}"
}

@booklet{ln,
    author = "Joseph Poon, and Thaddeus Dryja",
    year   = "2016",
    month  = "January",
    day = "14",
    title = "{The Bitcoin Lightning Network:Scalable Off-Chain Instant Payments}",
howpublished = "\url{https://lightning.network/lightning-network-paper.pdf}"
}

@booklet{wbtc,
    title = "{A multi-institutional framework for tokenizing any asset}",
howpublished = "\url{https://wbtc.network/assets/wrapped-tokens-whitepaper.pdf}"
}

@misc{bitcoinjmicropay,
    author	= "bitcoinj",
    title     	= "{Working with micropayment channels}",
    howpublished = "\url{https://bitcoinj.github.io/working-with-micropayments}",
}

@article{lamportclocks,
    author    = "Leslie Lamport",
    title     = "{Time, Clocks, and the Ordering of Events in a Distributed System}",
    journal   = "Communications of the ACM",
    volume   = "21",
    number   = "7",
    pages    = "558-565",
    year      = "1978",
    month    = "Jul",
}